@misc{wikipedia,
  author = "Wikipedia",
  title = "Wikipedia",
  journal = "\url{http://www.wikipedia.org/}",
  note = "[letzter Zugriff: 7. Aug. 2014]"
}

@misc{tum,
  title = "{TUM}: {T}echnische {U}niversit채t {M}체nchen",
  key = "tum",
  howpublished = "\url{https://www5.in.tum.de/lehre/seminare/semsoft/unterlagen_02/ariane/website/Ariane.Htm}", 
  note = "[letzter Zugriff: 22. Apr. 2021]"
}

@misc{esa,
  title = "{ESA} The {E}uropean {S}pace {A}gency - Failure Report:",
  key = "esa",
  howpublished = "\url{http://sunnyday.mit.edu/accidents/Ariane5accidentreport.html}",
  note = "[letzter Zugriff: 22. Apr. 2021]"
}

@misc{tum2,
  title = "{TUM}: {T}echnische {U}niversit채t {M}체nchen",
  key = "tum2",
  howpublished = "\url{https://www5.in.tum.de/lehre/seminare/semsoft/unterlagen_02/therac/website/index.html/}",
  note = "[letzter Zugriff: 23. Apr. 2021]"
}

@misc{ctan,
  title = "{CTAN}: the {C}omprehensive {T}e{X} {A}rchive {N}etwork",
  key = "ctan",
  howpublished = "\url{http://www.ctan.org/}",
  note = "[letzter Zugriff: 7. Aug. 2014]"
}

@misc{emacs,
  title = "Emacs",
  key = "emacs",
  howpublished = "\url{http://www.gnu.org/software/emacs/}",
  note = "[letzter Zugriff: 7. Aug. 2014]"
}

@misc{auctex,
  title = "{AUCTeX}",
  key = "auctex",
  howpublished = "\url{http://www.gnu.org/software/auctex/}",
  note = "[letzter Zugriff: 7. Aug. 2014]"
}

@misc{texmaker,
  title = "Texmaker",
  key = "texmaker",
  howpublished = "\url{http://www.xm1math.net/texmaker/}",
  note = "[letzter Zugriff: 7. Aug. 2014]"
}

@misc{libreoffice,
  title = "LibreOffice",
  key = "libreoffice",
  howpublished = "\url{http://www.libreoffice.org/}",
  note = "[letzter Zugriff: 7. Aug. 2014]"
}

@misc{dia,
  title = "Dia",
  key = "dia",
  howpublished = "\url{https://wiki.gnome.org/Apps/Dia}",
  note = "[letzter Zugriff: 7. Aug. 2014]"
}

@misc{tikz,
  title = "{TikZ}",
  key = "tikz",
  howpublished = "\url{http://sourceforge.net/projects/pgf/}",
  note = "[letzter Zugriff: 7. Aug. 2014]"
}

@misc{tikzautomata,
  title = "{TeXample.net, TikZ automata}",
  key = "automata",
  howpublished = "\url{http://www.texample.net/tikz/examples/automata/}",
  note = "[letzter Zugriff: 7. Aug. 2014]"
}

@misc{acm,
  title = "{ACM, Digital Library}",
  key = "ACM",
  howpublished = "\url{http://dl.acm.org/}",
  note = "[letzter Zugriff: 7. Aug. 2014]"
}

@misc{ieee,
  title = "{IEEE Xplore, Digital Library}",
  key = "IEEE",
  howpublished = "\url{http://ieeexplore.ieee.org/Xplore/dynhome.jsp}",
  note = "[letzter Zugriff: 7. Aug. 2014]"
}

@misc{gnulogo,
  title = "{The GNU Logo.png}", 
  key = "IEEE",
  howpublished = "\url{http://en.wikipedia.org/wiki/File:The_GNU_logo.png}",
  note = "[letzter Zugriff: 7. Aug. 2014], unter Free Art Licence"
}

@misc{fal,
  title = "{Free Art Licence}",
  key = "licence",
  howpublished = "\url{http://artlibre.org/licence/lal/en}",
  note = "[letzter Zugriff: 7. Aug. 2014]"
}